<record><leader>00000cas a22000007a 4500</leader><controlfield tag="001">19721867</controlfield><controlfield tag="008">890517d18841884idudr ne      0    0eng d</controlfield><datafield ind1=" " ind2=" " tag="010"><subfield code="a">sn 89055139 </subfield></datafield><datafield ind1=" " ind2=" " tag="040"><subfield code="a">NVB</subfield><subfield code="b">eng</subfield><subfield code="c">NVB</subfield><subfield code="d">OCLCQ</subfield><subfield code="d">OCLCF</subfield><subfield code="d">OCLCO</subfield></datafield><datafield ind1=" " ind2=" " tag="042"><subfield code="a">msc</subfield></datafield><datafield ind1=" " ind2=" " tag="043"><subfield code="a">n-us-id</subfield></datafield><datafield ind1="0" ind2="0" tag="245"><subfield code="a">Ketchum daily keystone.</subfield></datafield><datafield ind1=" " ind2=" " tag="260"><subfield code="a">Ketchum, Idaho :</subfield><subfield code="b">G.J. Lewis</subfield></datafield><datafield ind1=" " ind2=" " tag="300"><subfield code="a">v.</subfield></datafield><datafield ind1=" " ind2=" " tag="310"><subfield code="a">Daily (except Mon.)</subfield></datafield><datafield ind1="1" ind2=" " tag="362"><subfield code="a">Began in June 1884; ceased in Oct. 1884.</subfield></datafield><datafield ind1=" " ind2=" " tag="588"><subfield code="a">Description based on: Vol. 1, no. 5 (June 21, 1884).</subfield></datafield><datafield ind1=" " ind2="0" tag="651"><subfield code="a">Ketchum (Idaho)</subfield><subfield code="v">Newspapers.</subfield></datafield><datafield ind1=" " ind2="7" tag="655"><subfield code="a">Newspapers.</subfield><subfield code="2">fast</subfield><subfield code="0">(OCoLC)fst01423814</subfield></datafield><datafield ind1=" " ind2="7" tag="651"><subfield code="a">Idaho</subfield><subfield code="z">Ketchum.</subfield><subfield code="2">fast</subfield><subfield code="0">(OCoLC)fst01230433</subfield></datafield><datafield ind1=" " ind2=" " tag="752"><subfield code="a">United States</subfield><subfield code="b">Idaho</subfield><subfield code="c">Alturas</subfield><subfield code="d">Ketchum.</subfield></datafield><datafield ind1=" " ind2=" " tag="752"><subfield code="a">United States</subfield><subfield code="b">Idaho</subfield><subfield code="c">Blaine</subfield><subfield code="d">Ketchum.</subfield></datafield><datafield ind1="0" ind2=" " tag="775"><subfield code="t">Ketchum keystone (Ketchum, Idaho : 1881)</subfield><subfield code="w">(DLC)sn 89055138</subfield></datafield><datafield ind1="0" ind2=" " tag="775"><subfield code="t">Idaho weekly keystone</subfield><subfield code="w">(DLC)sn 89055139</subfield></datafield><datafield ind1="0" ind2="0" tag="785"><subfield code="t">Tri-weekly keystone</subfield><subfield code="w">(DLC)sn 89055140</subfield></datafield></record>